@article{Delbosc,
  author = "Delbosc, Nicolas",
  title = "Real-Time Simulation of Indoor Air Flow using the Lattice Boltzmann Method on Graphics Processing Unit",
  howpublished = "\url{http://etheses.whiterose.ac.uk/id/eprint/13546}",
  note = "University of Leeds",
  year = "2015",
}
@misc{xlib,
  author = {The Open Group},
  title  = {Xlib - C Language X Interface},
  note    = {URL \url{ftp://www.x.org/pub/current/doc/libX11/libX11/libX11.html} [Online; accessed 02-February-2018]},
  year = {2002}, 
}
@misc{libgl,
  author = {Freedesktop.org},
  title  = {libGL},
  note    = {URL \url{https://dri.freedesktop.org/wiki/libGL/} [Online; accessed 01-February-2018]},
  year = {2013}, 
}
@misc{cmake,
  author = {CMake.org},
  title  = {About CMake},
  note    = {URL \url{https://cmake.org/overview/} [Online; accessed 02-February-2018]},
}
@misc{virtualgl,
  author = {The VirtualGL Project},
  title  = {VirtualGL Background},
  note    = {URL \url{https://virtualgl.org/About/Background} [Online; accessed 29-January-2018]},
  year = {2017}, 
}
@misc{cuda_streams,
  author = {Mark, Harris, NVIDIA Corporation},
  title  = {GPU Pro Tip: CUDA 7 Streams Simplify Concurrency},
  note    = {URL \url{https://devblogs.nvidia.com/gpu-pro-tip-cuda-7-streams-simplify-concurrency/} [Online; accessed 16-April-2018]},
  year = {2015}, 
}
@book{notes_on_cm,
  title = {Notes on Continuum Mechanics},
  subtitle = {Lecture Notes on Numerical Methods in Engineering and Sciences},
  author = {Chaves, Eduardo W.V.},
  year = {2013},
  publisher = {Springer Netherlands},
  isbn = {9789400759862},
}
@book{elementary,
  title = {Elementary fluid mechanics},
  author = {Kambe, Tsutomu},
  year = {2007},
  publisher = {World Scientific},
  isbn = {978-9812565976},
}
@book{lbm1,
  title = {Lattice Boltzmann Method},
  subtitle = {Fundamentals and Engineering Applications with Computer Codes},
  author = {Mohamad, A. A},
  year = {2011},
  publisher = {Springer London},
  isbn = {978-0-85729-455-5},
}
@book{lbm2,
  title = {Lattice Boltzmann Modeling},
  subtitle = {An Introduction for Geoscientists and Engineers},
  author = {Sukop, Michael C. and Thorne, Jr, Daniel T.},
  year = {2006},
  publisher = {Springer Berlin Heidelberg},
  isbn = {978-3-540-27981-5},
}
@misc{wolfram_fvm,
  author = {Wolfram MathWorld},
  title  = {Finite Volume Method},
  note    = {URL \url{http://mathworld.wolfram.com/FiniteVolumeMethod.html} [Online; accessed 24-May-2018]},
  year = {1999-2018}, 
}
@misc{lbm_challenges,
  author = {Sauro Succi, Giorgio Amati, Roberto Benzi},
  title  = {Challenges in lattice Boltzmann computing},
  publisher = {Kluwer Academic Publishers-Plenum Publishers},
  year = {1994}, 
}
@misc{comsol_boussinesq,
  author = {COMSOL INC.},
  title  = {The Boussinesq Approximation},
  note   = {URL \url{https://www.comsol.com/multiphysics/boussinesq-approximation} [Online; accessed 28-May-2018]},
  year = {2015}, 
}
@misc{cuda_guide,
  author = {NVIDIA Corporation},
  title  = {CUDA C Programming Guide},
  note   = {URL \url{https://docs.nvidia.com/cuda/cuda-c-programming-guide/index.html} [Online; accessed 01-June-2018]},
  year = {2018},
}
@book{Wibron,
  author = {Wibron, Emelie},
  title = {A Numerical and Experimental Study of Airflow in Data Centers},
  year = {2018},
  publisher = {Lule\r{a} University of Technology},
  isbn = {978-91-7790-063-4},
}
@article{Validation1,
  author = {Tam\'as Istv\'an J\'ozsa and M\'ate Sz\"oke and Tom-Robin Teschner and L\'aszl\'o K\"on\"ozsy and Irene Moulitsas},
  title = {\textit{Validation and Verification of a 2D Lattice Boltzmann Solver for Incompressible Fluid Flow}},
  year = {2016},
  note = {National Technical University of Athens},
  howpublished = "\url{https://dspace.lib.cranfield.ac.uk/handle/1826/12066}",
}
